@article{Letcher2016,
  title = {A hierarchical model of daily stream temperature using air-water temperature synchronization, autocorrelation, and time lags},
  author = {Letcher, Benjamin H. and Hocking, Daniel J. and O'Neil, Kyle and Whiteley, Andrew R. and Nislow, Keith H. and O'Donnell, Matthew J.},
  journal = {PeerJ},
  year = {2016},
  doi = {10.7717/peerj.1727},
  issn = {2167-8359},
  pages = {e1727},
  url = {https://peerj.com/articles/1727},
  volume = {4},
}
